@article{young1991precise,
  title={Precise automatic differential stellar photometry},
  author={Young, Andrew T and Genet, Russell M and Boyd, Louis J and Borucki, William J and Lockwood, G Wesley and Henry, GREGORY W and Hall, DOUGLAS S and Smith, DIANE PYPER and Baliumas, SL and Donahue, ROBERT and others},
  journal={Publications of the Astronomical Society of the Pacific},
  volume={103},
  number={660},
  pages={221},
  year={1991},
  publisher={IOP Publishing}
}



@article{abazajian2009seventh,
  title={The seventh data release of the Sloan Digital Sky Survey},
  author={Abazajian, Kevork N and Adelman-McCarthy, Jennifer K and Ag{\"u}eros, Marcel A and Allam, Sahar S and Prieto, Carlos Allende and An, Deokkeun and Anderson, Kurt SJ and Anderson, Scott F and Annis, James and Bahcall, Neta A and others},
  journal={The Astrophysical Journal Supplement Series},
  volume={182},
  number={2},
  pages={543},
  year={2009},
  publisher={IOP Publishing}
}

@inproceedings{giltinan2011using,
  title={Using EMCCD's to improve the photometric precision of ground-based astronomical observations},
  author={Giltinan, Alan and Loughnan, Dylan and Collins, Adrian and Smith, Niall},
  booktitle={Journal of Physics: Conference Series},
  volume={307},
  number={1},
  pages={012010},
  year={2011},
  organization={IOP Publishing}
}

@incollection{smith2008emccd,
  title={Emccd technology in high precision photometry on short timescales},
  author={Smith, Niall and Giltinan, Alan and O’Connor, Aidan and O’Driscoll, Stephen and Collins, Adrian and Loughnan, Dylan and Papageorgiou, Andreas},
  booktitle={High Time Resolution Astrophysics},
  pages={257--279},
  year={2008},
  publisher={Springer}
}


@incollection{milone2011high,
  title={The High Road to Astronomical Photometric Precision: Differential Photometry},
  author={Milone, EF and Pel, Jan Willem},
  booktitle={Astronomical Photometry},
  pages={33--68},
  year={2011},
  publisher={Springer}
}

@article{burdanov2014astrokit,
  title={Astrokit-an efficient program for high-precision differential CCD photometry and search for variable stars},
  author={Burdanov, Artem Y and Krushinsky, Vadim V and Popov, Alexander A},
  journal={Astrophysical Bulletin},
  volume={69},
  number={3},
  pages={368--376},
  year={2014},
  publisher={Springer}
}

@article{everett2001technique,
  title={A Technique for Ultrahigh-Precision CCD Photometry},
  author={Everett, Mark E and Howell, Steve B},
  journal={Publications of the Astronomical Society of the Pacific},
  volume={113},
  number={789},
  pages={1428},
  year={2001},
  publisher={IOP Publishing}
}

@inproceedings{howell2002some,
  title={Some considerations for ultra-high precision CCD photometry},
  author={Howell, Steve B and Everett, Mark E},
  booktitle={Third Workshop on Improvements to Photometry, edited by W. Borucki (NASA, 1999)},
  year={2002}
}

@article{honeycutt1992ccd,
  title={CCD ensemble photometry on an inhomogeneous set of exposures},
  author={Honeycutt, R Kent},
  journal={Publications of the Astronomical Society of the Pacific},
  volume={104},
  number={676},
  pages={435},
  year={1992},
  publisher={IOP Publishing}
}

@book{budding2007introduction,
  title={Introduction to astronomical photometry},
  author={Budding, Edwin and Demircan, Osman},
  volume={6},
  year={2007},
  publisher={Cambridge University Press}
}


@phdthesis{creaner2016thesis,
  title={Data Mining by Grid Computing in the Search for Extrasolar Planets},
  author={Creaner, Oisin},
  year={2016},
  publisher={Quality and Qualifications Ireland},
  school={Institute of Technology, Tallaght, Dublin}
}

@article{locuspaper,
  title={The Locus Algorithm},
  author={Creaner, Oisin and Hickey, Eugene and Nolan, Kevin},
  journal={Astronomy and Astrophysics},
  year={2019},
note={In Press},
  publisher={Elviser}
}

@inproceedings{creaner2010large,
  title={Large-Catalogue Optimisation of Quasar Differential Photometry Fields by Grid Computing},
  author={Creaner, O and Hickey, E and Nolan, K and Briain, Ta and Smith, N},
  booktitle={Astronomical Data Analysis Software and Systems XIX},
  volume={434},
  pages={505},
  year={2010}
}

@article{schneider2007sloan,
  title={The sloan digital sky survey quasar catalog. IV. Fifth data release},
  author={Schneider, Donald P and Hall, Patrick B and Richards, Gordon T and Strauss, Michael A and Berk, Daniel E Vanden and Anderson, Scott F and Brandt, WN and Fan, Xiaohui and Jester, Sebastian and Gray, Jim and others},
  journal={The Astronomical Journal},
  volume={134},
  number={1},
  pages={102},
  year={2007},
  publisher={IOP Publishing}
}

@article{gridpaper,
  title={Grid Performance of Locus job},
  author={Creaner, Oisin and Nolan, Kevin and Hickey, Eugene},
  journal={Astronomy and Astrophysics},
  year={2019},
note={In Press},
  publisher={Elviser}
}

@article{fan1999simulation,
  title={Simulation of stellar objects in sdss color space},
  author={Fan, Xiaohui},
  journal={The Astronomical Journal},
  volume={117},
  number={5},
  pages={2528},
  year={1999},
  publisher={IOP Publishing}
}

@book{howell2006handbook,
  title={Handbook of CCD astronomy},
  author={Howell, Steve B},
  volume={5},
  year={2006},
  publisher={Cambridge University Press}
}


@misc{githubrepo,
  author = {Creaner, Oisin and Hickey, Eugene and Nolan, Kevin},
  title = {Locus Algorithm Github Repo},
  year = 2007,
   howpublished = "\url{www.github.com/creaneroDIAS/locus}",
  urldate = {2019-03-05}
}

@article{quasarpaper,
  title={A Catalogue of Pointings for Optimal Differential Photometry for 23,779 Quasars},
  author={Creaner, Oisin and Hickey, Eugene and Nolan, Kevin and Smith, Niall},
  journal={Astronomy and Computing},
  year={2019},
note={In Press},
  publisher={Elviser}
}



@article{softwarepaper,
  title={A Software System to implement the Locus Algorithm},
  author={Creaner, Oisin and Hickey, Eugene and Nolan, Kevin},
  journal={Astronomy and Computing},
  year={2019},
note={In Press},
  publisher={Elviser}
}


@article{gridsystempaper,
  title={A Software System to implement the Locus Algorithm in a Grid Computing Environment},
  author={Creaner, Oisin and Hickey, Eugene and Nolan, Kevin},
  journal={Astronomy and Computing},
  year={2019},
note={In Press},
  publisher={Elviser}
}

@misc{ZenodoQuasarCatalogue,
  author       = {Creaner, Oisin and Nolan, Kevin and Hickey, Eugene},
  title        = {Placeholder Quasar Catalogue Zenodo Link},
  month        = may,
  year         = 2019,
  doi          = {placeholder},
   howpublished = "\url{placeholder}"
}


@article{exopaper,
  title={A Catalogue of Pointings for Optimal Differential Photometry for 61,662,376 stars in the Search for Extrasolar Planets},
  author={Creaner, Oisin and Hickey, Eugene and Nolan, Kevin and Smith, Niall},
  journal={Astronomy and Computing},
  year={2019},
note={In Press},
  publisher={Elviser}
}

@misc{ZenodoXOPCatalogue,
  author       = {Creaner, Oisin and Nolan, Kevin and Hickey, Eugene},
  title        = {Placeholder Exoplanet Catalogue Zenodo Link},
  month        = may,
  year         = 2019,
  doi          = {placeholder},
   howpublished = "\url{placeholder}"
}

@article{aguado2019fifteenth,
  title={The fifteenth data release of the Sloan Digital Sky Surveys: first release of MaNGA-derived quantities, data visualization tools, and Stellar Library},
  author={Aguado, David S{\'a}nchez and Ahumada, Romina and Almeida, Andr{\'e}s and Anderson, Scott F and Andrews, Brett H and Anguiano, Borja and Ort{\'\i}z, Erik Aquino and Arag{\'o}n-Salamanca, Alfonso and Argudo-Fern{\'a}ndez, Maria and Aubert, Marie and others},
  journal={The Astrophysical Journal Supplement Series},
  volume={240},
  number={2},
  pages={23},
  year={2019},
  publisher={IOP Publishing}
}

@Manual{rcurl,
    title = {RCurl: General Network (HTTP/FTP/...) Client Interface for R},
    author = {Duncan Temple Lang and the CRAN team},
    year = {2019},
    note = {R package version 1.95-4.12},
     howpublished = "\url{https://CRAN.R-project.org/package=RCurl}",
  }

@Manual{tidyverse,
    title = {tidyverse: Easily Install and Load the 'Tidyverse'},
    author = {Hadley Wickham},
    year = {2017},
    note = {R package version 1.2.1},
     howpublished = "\url{https://CRAN.R-project.org/package=tidyverse}",
  }

@Manual{knitr1,
    title = {knitr: A General-Purpose Package for Dynamic Report Generation in R},
    author = {Yihui Xie},
    year = {2019},
    note = {R package version 1.23},
     howpublished = "\url{https://yihui.name/knitr/}",
  }

@Book{knitr2,
    title = {Dynamic Documents with {R} and knitr},
    author = {Yihui Xie},
    publisher = {Chapman and Hall/CRC},
    address = {Boca Raton, Florida},
    year = {2015},
    edition = {2nd},
    note = {ISBN 978-1498716963},
     howpublished = "\url{https://yihui.name/knitr/}",
  }

  @InCollection{knitr3,
    booktitle = {Implementing Reproducible Computational Research},
    editor = {Victoria Stodden and Friedrich Leisch and Roger D. Peng},
    title = {knitr: A Comprehensive Tool for Reproducible Research in {R}},
    author = {Yihui Xie},
    publisher = {Chapman and Hall/CRC},
    year = {2014},
    note = {ISBN 978-1466561595},
     howpublished = "\url{http://www.crcpress.com/product/isbn/9781466561595}",
  }

@Manual{kableExtra,
    title = {kableExtra: Construct Complex Table with 'kable' and Pipe Syntax},
    author = {Hao Zhu},
    year = {2019},
    note = {R package version 1.1.0},
     howpublished = "\url{https://CRAN.R-project.org/package=kableExtra}",
  }